<record><leader>00000cas a22000007a 4500</leader><controlfield tag="001">21318834</controlfield><controlfield tag="007">hd afu---buca</controlfield><controlfield tag="008">900404d17841784ctucr n a     0   a0eng d</controlfield><datafield ind1=" " ind2=" " tag="010"><subfield code="a">sn 90024099 </subfield></datafield><datafield ind1=" " ind2=" " tag="040"><subfield code="a">VA@</subfield><subfield code="b">eng</subfield><subfield code="c">VA@</subfield><subfield code="d">HUL</subfield><subfield code="d">OCL</subfield><subfield code="d">BOS</subfield><subfield code="d">OCLCQ</subfield><subfield code="d">OCLCO</subfield><subfield code="d">OCLCA</subfield><subfield code="d">OCLCF</subfield><subfield code="d">OCLCQ</subfield></datafield><datafield ind1=" " ind2=" " tag="012"><subfield code="i">9004</subfield></datafield><datafield ind1=" " ind2=" " tag="042"><subfield code="a">msc</subfield></datafield><datafield ind1=" " ind2=" " tag="043"><subfield code="a">n-us-pa</subfield></datafield><datafield ind1=" " ind2="4" tag="050"><subfield code="a">AN44.P4</subfield><subfield code="b">R69</subfield></datafield><datafield ind1="0" ind2=" " tag="130"><subfield code="a">American herald, and general advertiser (Philadelphia, Pa.)</subfield></datafield><datafield ind1="1" ind2="4" tag="245"><subfield code="a">The American herald, and general advertiser.</subfield></datafield><datafield ind1="3" ind2="0" tag="246"><subfield code="a">American herald</subfield></datafield><datafield ind1=" " ind2=" " tag="260"><subfield code="a">Philadelphia [Pa.] :</subfield><subfield code="b">Printed by Charles Cist</subfield></datafield><datafield ind1=" " ind2=" " tag="300"><subfield code="a">volumes ;</subfield><subfield code="c">47 cm</subfield></datafield><datafield ind1=" " ind2=" " tag="310"><subfield code="a">Semiweekly</subfield></datafield><datafield ind1=" " ind2=" " tag="336"><subfield code="a">text</subfield><subfield code="b">txt</subfield><subfield code="2">rdacontent</subfield></datafield><datafield ind1=" " ind2=" " tag="337"><subfield code="a">microform</subfield><subfield code="b">h</subfield><subfield code="2">rdamedia</subfield></datafield><datafield ind1=" " ind2=" " tag="338"><subfield code="a">microfilm reel</subfield><subfield code="b">hd</subfield><subfield code="2">rdacarrier</subfield></datafield><datafield ind1="1" ind2=" " tag="362"><subfield code="a">Began June 21, 1784?; ceased July 12, 1784?</subfield></datafield><datafield ind1=" " ind2=" " tag="588"><subfield code="a">Description based on: No. 3 (June 28, 1784); title from caption.</subfield></datafield><datafield ind1=" " ind2=" " tag="533"><subfield code="a">Microfilm.</subfield><subfield code="b">New Canaan, Ct. :</subfield><subfield code="c">Readex Microprint Corp.</subfield><subfield code="e">microfilm reels ; 35 mm.</subfield><subfield code="f">(Early American newspapers) Issued with: Royal Pennsylvania gazette, and: Scott's Philadelphia price-current and commercial remembrance.</subfield></datafield><datafield ind1=" " ind2="0" tag="651"><subfield code="a">Philadelphia (Pa.)</subfield><subfield code="v">Newspapers.</subfield></datafield><datafield ind1=" " ind2="7" tag="651"><subfield code="a">Pennsylvania</subfield><subfield code="z">Philadelphia.</subfield><subfield code="2">fast</subfield><subfield code="0">(OCoLC)fst01204170</subfield></datafield><datafield ind1=" " ind2="7" tag="655"><subfield code="a">Newspapers.</subfield><subfield code="2">fast</subfield><subfield code="0">(OCoLC)fst01423814</subfield></datafield><datafield ind1=" " ind2=" " tag="752"><subfield code="a">United States</subfield><subfield code="b">Pennsylvania</subfield><subfield code="d">Philadelphia.</subfield></datafield><datafield ind1=" " ind2=" " tag="850"><subfield code="a">MH</subfield></datafield><datafield ind1="1" ind2=" " tag="029"><subfield code="a">AU@</subfield><subfield code="b">000006838418</subfield></datafield></record>